<record><leader>00000cas a22000007a 4500</leader><controlfield tag="001">38436830</controlfield><controlfield tag="008">980213d18691872vauwr ne      0    0eng d</controlfield><datafield ind1=" " ind2=" " tag="010"><subfield code="a">sn 98068070 </subfield></datafield><datafield ind1=" " ind2=" " tag="040"><subfield code="a">NVK</subfield><subfield code="b">eng</subfield><subfield code="c">NVK</subfield><subfield code="d">OCL</subfield><subfield code="d">OCLCQ</subfield><subfield code="d">OCLCF</subfield><subfield code="d">OCLCO</subfield></datafield><datafield ind1="1" ind2=" " tag="029"><subfield code="a">AU@</subfield><subfield code="b">000013766534</subfield></datafield><datafield ind1=" " ind2=" " tag="042"><subfield code="a">msc</subfield></datafield><datafield ind1=" " ind2=" " tag="043"><subfield code="a">n-us-va</subfield></datafield><datafield ind1="0" ind2="4" tag="245"><subfield code="a">The Mecklenburg sentinel.</subfield></datafield><datafield ind1=" " ind2=" " tag="260"><subfield code="a">Boydton, Va. :</subfield><subfield code="b">Baptist &amp; Finch</subfield></datafield><datafield ind1=" " ind2=" " tag="300"><subfield code="a">v.</subfield></datafield><datafield ind1=" " ind2=" " tag="310"><subfield code="a">Weekly</subfield></datafield><datafield ind1="1" ind2=" " tag="362"><subfield code="a">Began in 1869? Ceased in Dec. 27, 1872?</subfield><subfield code="z">Cf. Virginia newspapers, 1821-1935/ by L.J. Cappon.</subfield></datafield><datafield ind1=" " ind2=" " tag="500"><subfield code="a">On reel with: Southside Virginian (Boydton, Va.).</subfield></datafield><datafield ind1=" " ind2=" " tag="500"><subfield code="a">Film imperfect: issues missing.</subfield></datafield><datafield ind1=" " ind2=" " tag="588"><subfield code="a">Description based on: Vol. 4, no. 12 (Nov. 15, 1872).</subfield></datafield><datafield ind1=" " ind2=" " tag="533"><subfield code="a">Available on microfilm from UMI.</subfield></datafield><datafield ind1=" " ind2="0" tag="651"><subfield code="a">Boydton (Va.)</subfield><subfield code="v">Newspapers.</subfield></datafield><datafield ind1=" " ind2="7" tag="655"><subfield code="a">Newspapers.</subfield><subfield code="2">fast</subfield><subfield code="0">(OCoLC)fst01423814</subfield></datafield><datafield ind1=" " ind2="7" tag="651"><subfield code="a">Virginia</subfield><subfield code="z">Boydton.</subfield><subfield code="2">fast</subfield><subfield code="0">(OCoLC)fst01868450</subfield></datafield><datafield ind1=" " ind2=" " tag="752"><subfield code="a">United States</subfield><subfield code="b">Virginia</subfield><subfield code="c">Mecklenburg</subfield><subfield code="d">Boydton.</subfield></datafield><datafield ind1="0" ind2="0" tag="780"><subfield code="t">Tobacco plant and quid nunc</subfield><subfield code="w">(DLC)sn 94060094</subfield></datafield><datafield ind1="0" ind2="0" tag="785"><subfield code="t">Southside Virginian (Boydton, Va.)</subfield><subfield code="w">(DLC)sn 96096509</subfield><subfield code="w">(OCoLC)34186211</subfield></datafield></record>